<?xml version="1.0" encoding="utf-8"?>
<record xmlns="http://www.loc.gov/MARC21/slim" xmlns:xsi="http://www.w3.org/2001/XMLSchema-instance" xsi:schemaLocation="http://www.loc.gov/MARC21/slim http://www.loc.gov/standards/marcxml/schema/MARC21slim.xsd">
	<leader>     nam a22     Mi 4500</leader>
	<controlfield tag="001">b12493077</controlfield>
	<controlfield tag="003">LeBAU</controlfield>
	<controlfield tag="006">m        d        </controlfield>
	<controlfield tag="007">cr cn |||m|||a</controlfield>
	<controlfield tag="008">210422s1940    sy      o     ||0 0 ara d</controlfield>
	<datafield ind1=" " ind2=" " tag="040">
		<subfield code="a">ZYU</subfield>
		<subfield code="b">ara</subfield>
		<subfield code="e">rda</subfield>
		<subfield code="c">ZYU</subfield>
	</datafield>
	<datafield ind1="0" ind2="4" tag="082">
		<subfield code="a">492.75</subfield>
		<subfield code="2">23</subfield>
	</datafield>
	<datafield ind1="1" ind2=" " tag="100">
		<subfield code="6">880-01</subfield>
		<subfield code="a">Fākhūrī, Rafīq,</subfield>
		<subfield code="d">1911-1985.</subfield>
		<subfield code="e">author.</subfield>
		<subfield code="0">https://lccn.loc.gov/n2001057927 ,</subfield>
	</datafield>
	<datafield ind1="1" ind2="0" tag="245">
		<subfield code="6">880-02</subfield>
		<subfield code="a">Taqwīm al-yad wa-al-lisān :</subfield>
		<subfield code="b">imlāʼ - lughah - ṭuraf adabīyah - aḥādīth sharīfah - nuṣūṣ mukhtārah - amthāl - nawādir /</subfield>
		<subfield code="c">ʻuniya bi-taṣnīf mawādih wa-sharḥihā Rafīq Fākhūrī, mujāzan la-hu fī al-ḥuqūq wa-mudarris al-adab al-ʻArabī fī al-Kullīyah al-Urthūdhuksīyah bi-Ḥimṣ, Muḥyī al-Dīn al-Darwīsh, mudarris fī al-Maʻārif.</subfield>
	</datafield>
	<datafield ind1=" " ind2=" " tag="250">
		<subfield code="6">880-03</subfield>
		<subfield code="a">al-Ṭabʻah al-ūlá.</subfield>
	</datafield>
	<datafield ind1=" " ind2="1" tag="264">
		<subfield code="6">880-04</subfield>
		<subfield code="a">Ḥimṣ :</subfield>
		<subfield code="b">Maṭbaʻat al-Tawfīq,</subfield>
		<subfield code="c">1359 H. = 1940 M.</subfield>
	</datafield>
	<datafield ind1=" " ind2=" " tag="300">
		<subfield code="6">880-05</subfield>
		<subfield code="a">online resource (141 pages)</subfield>
	</datafield>
	<datafield ind1=" " ind2=" " tag="336">
		<subfield code="a">text</subfield>
		<subfield code="2">rdacontent</subfield>
	</datafield>
	<datafield ind1=" " ind2=" " tag="337">
		<subfield code="a">computer</subfield>
		<subfield code="2">rdamedia</subfield>
	</datafield>
	<datafield ind1=" " ind2=" " tag="338">
		<subfield code="a">online resource</subfield>
		<subfield code="2">rdacarrier</subfield>
	</datafield>
	<datafield ind1=" " ind2=" " tag="500">
		<subfield code="a">Part of the Arabic Collections Online (ACO) project, contributed by American University of Beirut's Jafet Memorial Library.</subfield>
	</datafield>
	<datafield ind1=" " ind2=" " tag="533">
		<subfield code="a">Electronic reproduction.</subfield>
		<subfield code="b">New York, N.Y. :</subfield>
		<subfield code="c">New York University,</subfield>
		<subfield code="d">2021.</subfield>
		<subfield code="5">NNU</subfield>
	</datafield>
	<datafield ind1=" " ind2="0" tag="650">
		<subfield code="a">اللغة العربية</subfield>
		<subfield code="x">قواعد</subfield>
		<subfield code="x">الدرس والتدريس.</subfield>
	</datafield>
	<datafield ind1=" " ind2="0" tag="650">
		<subfield code="a">Arabic language</subfield>
		<subfield code="x">Grammar</subfield>
		<subfield code="x">Study and teaching.</subfield>
	</datafield>
	<datafield ind1="1" ind2=" " tag="700">
		<subfield code="6">880-06</subfield>
		<subfield code="a">Darwīsh, Muḥyī al-Dīn.</subfield>
		<subfield code="e">author.</subfield>
		<subfield code="0">https://lccn.loc.gov/n83127388 ,</subfield>
	</datafield>
	<datafield ind1="2" ind2=" " tag="710">
		<subfield code="a">Jafet Memorial Library.</subfield>
	</datafield>
	<datafield ind1="0" ind2=" " tag="730">
		<subfield code="a">Arabic Collections Online.</subfield>
	</datafield>
	<datafield ind1="0" ind2="8" tag="776">
		<subfield code="i">Print version:</subfield>
		<subfield code="a">Fākhūrī, Rafīq, 1911-1985. author. https://lccn.loc.gov/n2001057927 ,</subfield>
		<subfield code="t">Taqwīm al-yad wa-al-lisān</subfield>
		<subfield code="w">(LeBAU)b12493077</subfield>
	</datafield>
	<datafield ind1="4" ind2="0" tag="856">
		<subfield code="u">http://hdl.handle.net/2333.1/pg4f525b</subfield>
	</datafield>
	<datafield ind1="1" ind2=" " tag="880">
		<subfield code="6">100-01</subfield>
		<subfield code="a">فاخوري، رفيق،</subfield>
		<subfield code="d">1911-1985،</subfield>
		<subfield code="0">https://lccn.loc.gov/n2001057927 ,</subfield>
		<subfield code="e">مؤلف. </subfield>
		<subfield code="4">aut.</subfield>
	</datafield>
	<datafield ind1="1" ind2="0" tag="880">
		<subfield code="6">245-02</subfield>
		<subfield code="a">تقويم اليد واللسان :</subfield>
		<subfield code="b">إملاء - لغة - طرف أدبية - أحاديث شريفة - نصوص مختارة - أمثال - نوادر /</subfield>
		<subfield code="c">عني بتصنيف مواده وشرحها رفيق فاخوري، مجاز له في الحقوق ومدرس الادب العربي في الكلية الأرثوذكسية بحمص، محي الدين الدرويش، مدرس في المعارف.</subfield>
	</datafield>
	<datafield ind1=" " ind2=" " tag="880">
		<subfield code="6">250-03</subfield>
		<subfield code="a">الطبعة الأولى.</subfield>
	</datafield>
	<datafield ind1=" " ind2="1" tag="880">
		<subfield code="6">264-04</subfield>
		<subfield code="a">حمص :</subfield>
		<subfield code="b">مطبعة التوفيق،</subfield>
		<subfield code="c">1359 هـ. = 1940 م.</subfield>
	</datafield>
	<datafield ind1=" " ind2=" " tag="880">
		<subfield code="6">300-05</subfield>
		<subfield code="a">141 صفحة ؛</subfield>
		<subfield code="c">22 سم</subfield>
	</datafield>
	<datafield ind1="1" ind2=" " tag="880">
		<subfield code="6">700-06</subfield>
		<subfield code="a">الدرويش، محيي الدين،</subfield>
		<subfield code="0">https://lccn.loc.gov/n83127388 ,</subfield>
		<subfield code="e">مؤلف. </subfield>
		<subfield code="4">aut.</subfield>
	</datafield>
	<datafield ind1=" " ind2=" " tag="959">
		<subfield code="a">NNU</subfield>
		<subfield code="b">WEB</subfield>
		<subfield code="c">GENI</subfield>
		<subfield code="t">0</subfield>
		<subfield code="m">Electronic access</subfield>
		<subfield code="s">01</subfield>
	</datafield>
	<datafield ind1=" " ind2=" " tag="999">
		<subfield code="i">LeBAU_b12493077</subfield>
		<subfield code="s">aub_aco004380</subfield>
		<subfield code="e">(ERROR-MISC)</subfield>
	</datafield>
</record>
